% Encoding: UTF-8

@Article{Ruder2016OverviewGradientDescent,
  author  = {Ruder, Sebastian},
  journal = {arXiv preprint arXiv:1609.04747},
  title   = {An overview of gradient descent optimization algorithms},
  year    = {2016},
  eprint  = {1609.04747},
}

@Article{HarrisonJr1978HedonicHousingPrices,
  author    = {Harrison Jr, David and Rubinfeld, Daniel L},
  journal   = {Journal of environmental economics and management},
  title     = {Hedonic housing prices and the demand for clean air},
  year      = {1978},
  number    = {1},
  pages     = {81--102},
  volume    = {5},
  publisher = {Elsevier},
}

@InProceedings{Banko2001ScalingVeryVery,
  author    = {Banko, Michele and Brill, Eric},
  booktitle = {Proceedings of the 39th annual meeting of the Association for Computational Linguistics},
  title     = {Scaling to very very large corpora for natural language disambiguation},
  year      = {2001},
  pages     = {26--33},
}

@Article{Halevy2009UnreasonableEffectivenessData,
  author    = {Alon Halevy and Peter Norvig and Fernando Pereira},
  journal   = {{IEEE} Intelligent Systems},
  title     = {The Unreasonable Effectiveness of Data},
  year      = {2009},
  month     = {mar},
  number    = {2},
  pages     = {8--12},
  volume    = {24},
  doi       = {10.1109/mis.2009.36},
  publisher = {Institute of Electrical and Electronics Engineers ({IEEE})},
}

@Comment{jabref-meta: databaseType:bibtex;}
